@string (IPL     = {Information Processing Letters})
@string (TCS     = {Theoretical Computer Science})
@string (AMS     = {American Journal of Mathematics})


@inproceedings{pap94,
  author      = {Christos H. Papadimitriou and Prabhakar Raghavan and Madhu Sudan and Hisao Tamaki},
  title       = {Motion Planning on a Graph},
  year        = {1994},
  booktitle   = {Foundations of Computer Science},
  pages       = {511-520}
}

@inproceedings{zhi09,
  author      = {Zhilin Wu and St\'{e}phane Grumbach},
  title       = {{Feasibility of Motion Planning on Directed Graphs}},
  year        = {2009},
  booktitle   = {Annual Conference on Theory and Applications of Models of Computation},
  pages       = {430-439},
  publisher   = {Springer-Verlag}
}

@article{zhi10,
  author      = {Zhilin Wu and St{\'e}phane Grumbach},
  title       = {{Feasibility of Motion Planning on Acyclic and Strongly Connected Directed Graphs}},
  year        = {2010},
  journal     = {Discrete Applied Mathematics},
  volume      = {158},
  number      = {9},
  pages       = {1017-1028}
}

@inproceedings{GRU06,
  author      = {Gruia C\u{a}linescu and Adrian Dumitrescu and J\'anos Pach},
  title       = {{Reconfigurations in graphs and grids}},
  year        = {2006},
  month       = {262-273},
  booktitle   = {Latin American theoretical informatics conference},
  pages       = {262-273},
  publisher   = {Springer},
  series      = {Lecture Notes in Computer Science},
  volume      = {3887}
}
@book{bap,
  author      = {R B Bapat},
  title       = {Graph and Matrices},
  year        = {2010},
  publisher   = {Hindustan Book Agency, India}
}
@book{horn,
  author      = {Roger A. Horn and Charles R. Johnson},
  title       = {Matrix Analysis},
  year        = {1985},
  publisher   = {Cambridge University Press}
}
@book{kunz,
  author      = {Kenneth Hoffman and Ray Kunze},
  title       = {Linear Algebra},
  year        = {2009},
  publisher   = {PHI Learning}
}
@book{har69,
  author      = {Frank Harary},
  title       = {{Graph Theory}},
  year        = {1969},
  publisher   = {Addison-Wesley, Reading, MA}
}

@article{jeff06,
  author  = {Christopher Jefferson and Angela Miguel and Ian Miguel and S. Armagan Tarim},
  title   = {Modelling and solving English Peg Solitaire},
  journal = {Computers and Operations Research},
  volume  = {33},
  number  = {10},
  pages   = {2935-2959},
  year    = {2006}
}

@article{kir86,
  author    = {L. M. Kirousis and C. H. Papadimitriou},
  title     = {Searching and Pebbling},
  journal   = {Theoretical Computer Science},
  volume    = {47},
  number    = {3},
  year      = {1986},
  pages     = {205-218}
}

@article{rat90,
 author  = {Ratner, Daniel and Warmuth, Manfred},
 title   = {The ($n^2-1$)-puzzle and related relocation problems},
 journal = {Journal of Symbolic Computation},
 volume  = {10},
 issue   = {2},
 month   = {July},
 year    = {1990},
 pages   = {111-137}
}

@INPROCEEDINGS{mas09,
  author={Masehian, E. and Nejad, A.H.},
  booktitle={Intelligent Robots and Systems, 2009. IROS 2009. IEEE/RSJ International Conference on},
  title={Solvability of multi robot motion planning problems on Trees},
  year={2009},
  month={Oct.},
  pages={5936 -5941}
}
@book{RIC11,
    author = {Richard Hammack and Wilfried Imrich and Sandi Klav\v{z}ar},
    title = {Product Graphs, Structure and Recognition},
    year = {2000},
    publisher = {John Wiley \& Sons. Inc., New York}
}

@article{HEN99,
 author = {Henzinger, Monika R. and King, Valerie},
 title = {Randomized fully dynamic graph algorithms with polylogarithmic time per operation},
 journal = {JACM},
 volume = {46},
 issue = {4},
 month = {July},
 year = {1999},
 issn = {0004-5411},
 pages = {502--516},
 publisher = {ACM},
 address = {New York, USA},
 keywords = {connectivity, dynamic graph algorithms}
}

@inproceedings{SAN04M,
	author = {Marcin Mucha and Piotr Sankowski},
   	title = {Maximum matchings in planar graphs via Gaussian elimination},
    	booktitle = {ESA},
  	year      = {2004},
  	pages     = {532-543},
 	ee        = {http://springerlink.metapress.com/openurl.asp?genre=article{\&}issn=0302-9743{\&}volume=3221{\&}spage=532},
 	crossref  = {DBLP:conf/esa/2004},
 	bibsource = {DBLP, http://dblp.uni-trier.de}
}

@inproceedings{MAR04,
 	author    = {Marcin Mucha and Piotr Sankowski},
  	title     = {Maximum Matchings via Gaussian Elimination},
  	booktitle = {FOCS},
  	year      = {2004},
  	pages     = {248-255},
  	ee        = {http://csdl.computer.org/comp/proceedings/focs/2004/2228/00/22280248abs.htm},
  	crossref  = {DBLP:conf/focs/2004}
}

@inproceedings{SAN05,
	author    = {Piotr Sankowski},
	title     = {Subquadratic Algorithm for Dynamic Shortest Distances},
	booktitle = {COCOON},
	year      = {2005},
	pages     = {461-470},
	ee        = {http://dx.doi.org/10.1007/11533719_47}
}

@inproceedings{SAN04,
 	author = {Sankowski, Piotr},
 	title = {Dynamic Transitive Closure via Dynamic Matrix Inverse (Extended Abstract)},
 	booktitle = {Proceedings of the 45th Annual IEEE Symposium on Foundations of Computer Science},
 	year = {2004},
 	isbn = {0-7695-2228-9},
 	pages = {509--517},
	numpages = {9},
 	publisher = {IEEE Computer Society},
 	address = {Washington, DC, USA}
}

@article{GUY00,
	author = {Guy Even and Joseph (Seffi) Naor and Baruch Schieber and Leonid Zosin},
	title = {Approximating Minimum Subset Feedback Sets in Undirected Graphs with Applications},
	publisher = {SIAM},
	year = {2000},
	journal = {SIAM Journal on Discrete Mathematics},
	volume = {13},
	number = {2},
	pages = {255-267}
}

@Article{ MIL84,
	author = {D. Kornhauser and G. Miller and P. Spirakis},
	title = {Coordinating Pebble Motion On Graphs, The Diameter Of Permutation Groups, And Applications},
	journal = {Foundations of Computer Science, Annual IEEE Symposium on},
	volume = {0},
	isbn = {0-8186-0591-X},
	year = {1984},
	pages = {241--250}
}
@inproceedings{RATW86,
	author    = {Daniel Ratner and Manfred K. Warmuth},
	title     = {Finding a Shortest Solution for the $n \times n$ Extension
               of the 15-Puzzle is Intractable},
	booktitle = {AAAI-86},
	publisher = { AAAI},
	year      = {1986},
	pages     = {168-172},
	bibsource = {DBLP, http://dblp.uni-trier.de}
}

@Article{WIL74,
	author   = {Richard M. Wilson},
	title    = {Graph Puzzles, Homotopy, and the Alternating Group},
  journal  = {Journal Of Combinatorial Theory (B) 16},
	year     = {1974},
	pages    = { 86-96}
}

@inproceedings{REI79,
	author = {Reif, John H.},
	title = {Complexity of the mover's problem and generalizations},
	booktitle = {Proceedings of the 20th Annual Symposium on Foundations of Computer Science},
	year = {1979},
	pages = {421--427},
	numpages = {7}
} 

@inproceedings{CAR80,
    author = {Carlson, David A. and Savage, John E.},
    title = {Graph pebbling with many free pebbles can be difficult},
    booktitle = {Proceedings of the twelfth annual ACM symposium on Theory of computing},
    series = {STOC '80},
    year = {1980},
    pages = {326--332},
    numpages = {7},
    publisher = {ACM}
} 

@article{IAN95,
    author = {Parberry, Ian},
    title = {A real-time algorithm for the ($n^2-1$)-puzzle},
    journal = {Information Processing Letters},
    volume = {56},
    issue = {1},
    month = {October},
    year = {1995},
    pages = {23-28},
    numpages = {6},
    publisher = {Elsevier North-Holland, Inc.}
 } 
@article{WOO1879,
    title = {Notes on the  \textquotedblleft15\textquotedblright~ Puzzle},
    author = {Wm. Woolsey Johnson and William E. Story},
    journal = {American Journal of Mathematics}, 
    volume = {2},
    issue  = {4},
    year   = {1879},
    pages  = {397-404},
    publisher = {The Johns Hopkins University Press }
}
@article{GIL09,
    author = {Gilad Goraly and Refael Hassin},
    title = {Multi-color Pebble Motion on Graphs},
    year = {2008},
    journal = {Algorithmica},
    publisher = { Springer}
}

@article{GRA08,
  author    = {Graham Kendall and
               Andrew J. Parkes and
               Kristian Spoerer},
  title     = {A Survey of NP-Complete Puzzles},
  journal   = {ICGA Journal},
  volume    = {31},
  number    = {1},
  year      = {2008},
  pages     = {13-34}
}

@ARTICLE{HUR05,
    author = {Glenn Hurlbert},
    title = {Recent progress in graph pebbling},
    journal = {Graph Theory Notes, New York},
    year = {2005},
    volume = {49},
    pages = {25--37}
}

@article{GIL10,
  author    = {Gilad Goraly and Refael Hassin},
  title     = {Multi-Color Pebble Motion on Graphs},
  journal   = {Algorithmica},
  volume    = {58},
  number    = {3},
  year      = {2010},
  pages     = {610-636}
}

@article{AUL01,
 author = {Auletta, Vincenzo and Persiano, Pino},
 title = {Optimal pebble motion on a tree},
 journal = {Information and Computation},
 volume = {165},
 issue = {1},
 month = {February},
 year = {2001},
 pages = {42--68},
 publisher = {Academic Press, Inc.},
} 

@book{LAV06,
    author = {Steven M. LaValle},
    title = {Planning Algorithms},
    year = {2006},
    publisher = {Cambridge University Press}
}

@ARTICLE{HUR99,
    author = {Glenn H. Hurlbert},
    title = {A Survey of Graph Pebbling},
    journal = {	Congressus Numerantium},
    year = {1999},
    volume = {139},
    pages = {41--64}
}

@phdthesis{FED92,
 author = {Feder, Tom\'{a}s},
 advisor = {Knuth, Donald E.},
 title = {Stable networks and product graphs},
 year = {1992},
 note = {UMI Order No. GAX92-05628},
 publisher = {Stanford University},
 address = {Stanford, CA, USA}
} 
@book{IMR2000,
    author = {W. Imrich and S. Klavzar},
    title = {Product Graphs, Structure and Recognition},
    year = {2000},
    publisher = {John Wiley \& Sons Inc., New York}
}

@article{HAR59,
    author= {Frank Harary},
    title = { On the group of the composition of two graphs},
    journal = {Duke Mathematical Journal},
    year = {1959},
    volume = {26(1)},
    pages = {29-34}
}

@book{FED95,
  title={Stable Networks and Product Graphs},
  author={Feder, T.},
  isbn={9780821803479},
  lccn={52042839},
  issn={0065-9266},
  series={Memoirs of the American Mathematical Society},
  url={http://books.google.co.in/books?id=T\_2aKQEACAAJ},
  year={1995},
  publisher={American Mathematical Society}
}
@book{JEA91,
  title={Robot motion planning},
  author={Jean-Claude Latomabe},
  isbn={9780821803479},
  series={The Lluwer International Series in Engineering and Computer Science; SECS 01224},
  year={1991},
  publisher={Kluwer Academic Publishers}
}

@article{SON02,
    author = {Guang Song},
    title = {Using Motion Planning to Study Protein Folding Pathways},
    journal = {Journal of Computational Biology},
    year = {2002},
    volume = {9(2)},
    pages = {149-168}
}
@article{SON05,
    author = {Xinyu Tang and Bonnie Kirkpatrick and Shawna Thomas and Guang Song and Nancy M. Amato},
    title = {Using Motion Planning to Study RNA Folding Kinetics},
    journal = {Journal of Computational Biology},
    year = {2005},
    volume = {12(6)},
    pages = {862-881}
}
@article{TAN07,
    author = {Shawna Thomas and Xinyu Tang and Lydia Tapia and Nancy M. Amato},
    title = {Simulating Protein Motions with Rigidity Analysis},
    journal = {Journal of Computational Biology},
    year = {2007},
    volume = {14(6)},
    pages = {839-855}
}

@ARTICLE{ARC99,
    author = {Aaron F. Archer},
    title = {A Modern Treatment of the 15 Puzzle},
    journal = {American Mathematical Monthly},
    year = {1999},
    volume = {106},
    pages = {793--799}
}

@book{HOR86,
  title={Sliding Piece Puzzles},
  author={L. E. Horden},
  isbn={0-19-853204-0},
  year={1986},
  publisher={Oxford University Press}
}
@misc{PER88,
 title     = {Track transportation systems},
 number    = {EP0284316},
 author    = {Perrott, Yvonne},
 year      = {1988},
 month     = {September},
 note   = {URL: http://www.freepatentsonline.com/EP0284316A2.html}
}

@inproceedings{DUM04,
 author = {Dumitrescu, Adrian and Pach, J\'{a}nos},
 title = {Pushing squares around},
 booktitle = {Proceedings of the twentieth annual symposium on computational geometry},
 series = {SCG '04},
 year = {2004},
 location = {Brooklyn, New York, USA},
 pages = {116--123},
 numpages = {8},
 publisher = {ACM},
 address = {New York, USA},
 keywords = {motion planning, reconfiguration, rectangular metamorphic systems}
} 

@article{DUM041,
  author = {Dumitrescu, Adrian and Suzuki, Ichiro and Yamashita, Masafumi},
  journal = {IEEE Transactions on Robotics},
  number = {3},
  pages = {409-418},
  title = {Motion planning for metamorphic systems: feasibility, decidability, and distributed reconfiguration.},
  volume = {20},
  year = {2004},
  month = {June}
}
@article{CHI96,
    author = {Chirikjian, G. and Pamecha, A. and Ebert-Uphoff, I.},
    journal = {Journal of Robotic Systems},
    keywords = {robotics},
    number = {5},
    pages = {717--338},
    title = {Evaluating Efficiency of Self-Reconfiguration in a Class of Modular Robots},
    volume = {13},
    year = {1996}
}
@article{PAP86,
 author = {Kirousis, M and Papadimitriou, C H},
 title = {Searching and pebbling},
 journal = {TCS},
 volume = {47},
 number = {2},
 month = {November},
 year = {1986},
 issn = {0304-3975},
 pages = {205--218},
 numpages = {14},
 publisher = {Elsevier Science Publishers Ltd.},
 address = {Essex, UK}
} 
@article{FRE92,
  author    = {Greg N. Frederickson and D. J. Guan},
  title     = {Preemptive Ensemble Motion Planning on a Tree},
  journal   = {SIAM J. Comput.},
  volume    = {21},
  number    = {6},
  year      = {1992},
  pages     = {1130-1152},
  ee        = {http://dx.doi.org/10.1137/0221066},
  bibsource = {DBLP, http://dblp.uni-trier.de}
}

@INPROCEEDINGS{AUL96,
    author = {Vincenzo Auletta and Angelo Monti and Mimmo Parente and Pino Persiano},
    title = {A Linear Time Algorithm for the Feasibility of Pebble Motion on Trees},
    booktitle = {Proceedings of Scandinavian Workshop on Algorithm Theory, (SWAT) Lecture Notes in Computer Science 1097},
    year = {1996},
    pages = {259--270}
}
@ARTICLE{CHU89,
    author = {Fan R. K. Chung},
    title = {Pebbling in hypercubes},
    journal = {SIAM Journal on Discrete Mathematics},
    year = {1989},
    volume = {2},
    pages = {467--472}
}
@article{deb12,
author = {Deb, Biswajit and Kapoor, Kalpesh and Pati, Sukanta},
title = {On $mRJ$ Reachability in trees},
journal = {Discrete Mathematics, Algorithms and Applications},
volume = {4},
number = {4},
pages = {1250055},
year = {2012},
doi = {10.1142/S1793830912500553},

URL = {http://www.worldscientific.com/doi/abs/10.1142/S1793830912500553},
eprint = {http://www.worldscientific.com/doi/pdf/10.1142/S1793830912500553}
}

@incollection{gol11,
year={2011},
isbn={978-3-642-22669-4},
booktitle={Studies in Complexity and Cryptography. Miscellanea on the Interplay between Randomness and Computation},
volume={6650},
series={Lecture Notes in Computer Science},
doi={10.1007/978-3-642-22670-0_1},
title={Finding the Shortest Move-Sequence in the Graph-Generalized 15-Puzzle Is NP-Hard},
url={http://dx.doi.org/10.1007/978-3-642-22670-0_1},
publisher={Springer Berlin Heidelberg},
author={Goldreich, Oded},
pages={1-5}
}

@incollection{dem01,
year={2001},
isbn={978-3-540-42496-3},
booktitle={Mathematical Foundations of Computer Science 2001},
volume={2136},
series={Lecture Notes in Computer Science},
doi={10.1007/3-540-44683-4_3},
title={Playing Games with Algorithms: Algorithmic Combinatorial Game Theory},
url={http://dx.doi.org/10.1007/3-540-44683-4_3},
publisher={Springer Berlin Heidelberg},
author={Demaine, Erik D.},
pages={18-33},
}

@inproceedings{spa05,
    address = {Portland, OR},
    author = {Spanos, D. P. and Murray, R. M.},
    booktitle = {Proceedings 2005 American Control Conference},
    title = {{Motion Planning with Wireless Network Constraints}},
    year = {2005}
}
@INPROCEEDINGS{per03,
    author = {Guilherme Augusto Silva Pereira and Guilherme A. S. Pereira and Aveek K. Das and Vijay Kumar and Mario F. M. Campos},
    title = {Decentralized Motion Planning for Multiple Robots Subject to Sensing and Communication Constraints},
    booktitle = {Proceedings of the Second MultiRobot Systems Workshop},
    year = {2003},
    pages = {267--278},
    publisher = {Kluwer Academic Press}
}
