% Encoding: UTF-8

@Article{davidLatex,
  author  = {David Raj, Micheal},
  title   = {How to type {LaTeX}?},
  journal = {International journal of LaTeX},
  year    = {2019},
}

@book{latexcompanion,
	author    = "Michel Goossens and Frank Mittelbach and Alexander Samarin",
	title     = "The \LaTeX\ Companion",
	year      = "1993",
	publisher = "Addison-Wesley",
	address   = "Reading, Massachusetts"
}

@article{einstein,
	author =       "Albert Einstein",
	title =        "{Zur Elektrodynamik bewegter K{\"o}rper}. ({German})
	[{On} the electrodynamics of moving bodies]",
	journal =      "Annalen der Physik",
	volume =       "322",
	number =       "10",
	pages =        "891--921",
	year =         "1905",
	DOI =          "http://dx.doi.org/10.1002/andp.19053221004"
}




@book{lamport1994latex,
  title     = {LATEX: a document preparation system: user's guide and reference manual},
  publisher = {Addison-wesley},
  year      = {1994},
  author    = {Lamport, Leslie},
}

@Comment{jabref-meta: databaseType:bibtex;}
